@misc{ wiki:xxx,
       author = "Wikipedia",
       title = "Teorema maestro --- Wikipedia{,} La enciclopedia libre",
       year = "2019",
       url = "https://es.wikipedia.org/w/index.php?title=Teorema_maestro&oldid=119557344",
       note = "[Internet; descargado 12-abril-2020]"
}
@manual{ Duke_University,
      title  = "Big-Oh for Recursive Functions: Recurrence Relations",
      author = "Duke University",
      url    = "http://www.cs.duke.edu/~ola/ap/recurrence.html",
      year   = ""
    }
    
@manual{ Massachusetts,
	title  = "Master Theorem: Practice Problems and Solutions",
	author = "Massachusetts Institute of Technology (MIT)",
	url    = "http://www.csail.mit.edu/~thies/6.046-web/master.pdf",
	year   = ""
} 
